%%%%%%%%%%%
% Welcome to our bib file. Add bibtex references below in alphabetical order

@article{holman2013,
  title={cBathy: A robust algorithm for estimating nearshore bathymetry},
  author={Holman, Rob and Plant, Nathaniel and Holland, Todd},
  journal={Journal of Geophysical Research: Oceans},
  volume={118},
  number={5},
  pages={2595--2609},
  year={2013},
  publisher={Wiley Online Library}
}